
	@BOOK{snowden,
	 AUTHOR={Snowden C.M.},
	 TITLE={Semiconductor Device Modelling},
	 PUBLISHER={Peter Peregrinus Ltd.},
	 ADDRESS={London,United Kingdom },
	 YEAR=1988.
	 }


@ARTICLE{chua, 
author={Chua, L.O.}, 
journal={Circuit Theory, IEEE Transactions on}, 
title={Memristor-The missing circuit element}, 
year={1971}, 
volume={18}, 
number={5}, 
pages={507-519}, 
keywords={Memristors;Network elements;Nonlinear network analysis & design;Active circuits;Active inductors;Capacitors;Electromagnetic fields;Laboratories;Maxwell equations;Memristors;Power supplies;RLC circuits;Resistors}, 
ISSN={0018-9324},}

@ARTICLE{SG, 
author={Scharfetter, D.L. and Gummel, H.K.}, 
journal={Electron Devices, IEEE Transactions on}, 
title={Large-signal analysis of a silicon Read diode oscillator}, 
year={1969}, 
volume={16}, 
number={1}, 
pages={64-77}, 
keywords={Admittance;Charge carrier processes;Current density;Diodes;Equations;Ionization;Oscillators;RLC circuits;Silicon;Voltage}, 
ISSN={0018-9383},}


	@BOOK{Dragica1,
	 AUTHOR={D. Vasileska, Stephen M. Goodnick},
	 TITLE={Computational Electronics},
	 PUBLISHER={Morgan and Claypool},
	 ADDRESS={Arizona,United States },
	 YEAR=2006,
	 	 }
	 	 
	@BOOK{NumModel,
	 AUTHOR={Mark H. Holmes},
	 TITLE={Introduction to
	 Numerical Methods in
	 Differential Equations},
	 PUBLISHER={Springer Science,Business Media,},
	 ADDRESS={New York,United States },
	 YEAR=2007,
	 ISBN={978-0387-30891-3},
	 	 }
	 	 
	@ARTICLE{MisMem, 
	author={Dmitri B. Strukov,Gregory S. Snider,Duncan R. Stewart, R. Stanley Williams}, 
	journal={Nature}, 
	title={Missing Memristor Found}, 
	year={2008}, 
	volume={453}, 
	pages={80-83}, 
	ISSN={0028-0836},} 	 
	 
	 	@ARTICLE{SimChargeTrans, 
	 	author={E. Knapp, R. Häusermann, H. U. Schwarzenbach, and B. Ruhstaller}, 
	 	journal={J. Appl. Phys}, 
	 	title={Numerical simulation of charge transport in disordered organic
	 	semiconductor devices}, 
	 	year={2010}, 
	 	volume={108}, 
	 	issue={5},
	 	ISSN={1089-7550},} 	 
	 	
	 		@BOOK{PedotBook,
	 		 AUTHOR={A. Elschner,S. Kirchmeyer,W. Lövenich, U. Merker, K. Reuter},
	 		 TITLE={Introduction to
	 		 Numerical Methods in
	 		 Differential Equations},
	 		 PUBLISHER={Taylor and Francis Group,},
	 		 ADDRESS={Florida,United States },
	 		 YEAR=2011,
	 		 ISBN={978-1-4200-6911-2},
	 		 	 } 
	 		 	 
@PhdThesis{PedotCon,
           title = "{On the conductivity of PEDOT:PSS thin films}",
          author = "A.M. Nardes",
          school =  "Technische Universiteit Eindhoven, Eindhoven",
            year = "2007",
}